<record><leader>00000cas a2200000 a 4500</leader><controlfield tag="001">11737644</controlfield><controlfield tag="008">850226d19131968kyudn ne      0   a0eng  </controlfield><datafield ind1=" " ind2=" " tag="010"><subfield code="a">sn 85038022 </subfield></datafield><datafield ind1=" " ind2=" " tag="040"><subfield code="a">NPY</subfield><subfield code="b">eng</subfield><subfield code="c">NPY</subfield><subfield code="d">KNP</subfield><subfield code="d">NVK</subfield><subfield code="d">OCL</subfield><subfield code="d">OCLCQ</subfield><subfield code="d">DLC</subfield><subfield code="d">OCLCQ</subfield><subfield code="d">OCLCF</subfield></datafield><datafield ind1=" " ind2=" " tag="012"><subfield code="l">a</subfield></datafield><datafield ind1="1" ind2=" " tag="022"><subfield code="a">2159-3779</subfield><subfield code="2">1</subfield></datafield><datafield ind1=" " ind2=" " tag="042"><subfield code="a">pcc</subfield><subfield code="a">nsdp</subfield></datafield><datafield ind1=" " ind2=" " tag="043"><subfield code="a">n-us-ky</subfield></datafield><datafield ind1="0" ind2="0" tag="050"><subfield code="a">Newspaper</subfield></datafield><datafield ind1="0" ind2=" " tag="130"><subfield code="a">Public ledger (Maysville, Ky.)</subfield></datafield><datafield ind1=" " ind2="4" tag="222"><subfield code="a">The public ledger</subfield><subfield code="b">(Maysville, Ky.)</subfield></datafield><datafield ind1="1" ind2="4" tag="245"><subfield code="a">The public ledger.</subfield></datafield><datafield ind1="1" ind2="3" tag="246"><subfield code="a">Daily public ledger</subfield></datafield><datafield ind1="1" ind2="3" tag="246"><subfield code="a">Daily Maysville Republican public ledger</subfield></datafield><datafield ind1=" " ind2=" " tag="260"><subfield code="a">Maysville, Ky. :</subfield><subfield code="b">A.F. Curran,</subfield><subfield code="c">-1968.</subfield></datafield><datafield ind1=" " ind2=" " tag="300"><subfield code="a">v. :</subfield><subfield code="b">ill. ;</subfield><subfield code="c">63 cm.</subfield></datafield><datafield ind1=" " ind2=" " tag="310"><subfield code="a">Daily (except Sun.)</subfield></datafield><datafield ind1="1" ind2=" " tag="362"><subfield code="a">Began in 1913?</subfield></datafield><datafield ind1="0" ind2=" " tag="362"><subfield code="a">-Sept. 30, 1968.</subfield></datafield><datafield ind1=" " ind2=" " tag="500"><subfield code="a">Logo title: Daily public ledger; Daily Maysville Republican public ledger.</subfield></datafield><datafield ind1=" " ind2=" " tag="500"><subfield code="a">Two editions daily.</subfield></datafield><datafield ind1=" " ind2=" " tag="530"><subfield code="a">Archived issues are available in digital format as part of the Library of Congress Chronicling America online collection.</subfield></datafield><datafield ind1=" " ind2=" " tag="588"><subfield code="a">Description based on: Sept. 4, 1913.</subfield></datafield><datafield ind1=" " ind2="0" tag="651"><subfield code="a">Mason County (Ky.)</subfield><subfield code="v">Newspapers.</subfield></datafield><datafield ind1=" " ind2="0" tag="651"><subfield code="a">Maysville (Ky.)</subfield><subfield code="v">Newspapers.</subfield></datafield><datafield ind1=" " ind2="7" tag="655"><subfield code="a">Newspapers.</subfield><subfield code="2">fast</subfield><subfield code="0">(OCoLC)fst01423814</subfield></datafield><datafield ind1=" " ind2="7" tag="651"><subfield code="a">Kentucky</subfield><subfield code="z">Mason County.</subfield><subfield code="2">fast</subfield><subfield code="0">(OCoLC)fst01206484</subfield></datafield><datafield ind1=" " ind2="7" tag="651"><subfield code="a">Kentucky</subfield><subfield code="z">Maysville.</subfield><subfield code="2">fast</subfield><subfield code="0">(OCoLC)fst01211454</subfield></datafield><datafield ind1=" " ind2=" " tag="752"><subfield code="a">United States</subfield><subfield code="b">Kentucky</subfield><subfield code="c">Mason</subfield><subfield code="d">Maysville.</subfield></datafield><datafield ind1="0" ind2="0" tag="780"><subfield code="t">Daily public ledger (Maysville, Ky.)</subfield><subfield code="x">2157-3484</subfield><subfield code="w">(DLC)sn 86069117</subfield><subfield code="w">(OCoLC)13566890</subfield></datafield><datafield ind1="0" ind2="7" tag="785"><subfield code="t">Daily independent (Maysville, Ky.)</subfield><subfield code="w">(DLC)sn 82014711</subfield><subfield code="w">(OCoLC)8791818</subfield></datafield><datafield ind1="0" ind2="7" tag="785"><subfield code="t">Public ledger the daily independent</subfield><subfield code="w">(DLC)sn 86069118</subfield><subfield code="w">(OCoLC)13567059</subfield></datafield><datafield ind1="4" ind2="1" tag="856"><subfield code="u">http://www.loc.gov/chroniclingamerica/lccn/sn85038022/issues</subfield></datafield></record>